% Encoding: UTF-8

@article{圆柱形永磁体磁场建模及仿真研究,
  title={圆柱形永磁体磁场建模及仿真研究},
  author={周恩权 and 郑仲桥 and 张燕红 and 王奇瑞},
  journal={河南科技},
  volume={21},
  pages={139--143},
  year={2017},
  language={中文}
}
@book{Numerical_Analysis,
  title={Numerical Analysis},
  author={Timothy Sauer},
  year={2019},
  publisher={Pearson},
  pages={253--289}
}
@misc{Biot_Savart_Law,
    author= {Wikipedia},
    year  = {2024},
    title = {Biot–Savart law},
    note  = {\url{https://en.wikipedia.org/wiki/Biot%E2%80%93Savart_law}, 
             last edited on 19 February 2024, at 16:11 (UTC)},
}